1938 3022
270 495 578 542 SUMMARIUM.

345 649 507 660 -.-.

78 759 182 802 Amabat
193 757 282 814 quidam
293 758 436 809 adolescens,
452 759 573 805 Pleusicles
582 763 681 811 nomina,
696 759 821 804 athenien·

24 834 66 881 sis,
81 829 184 886 puellam
199 843 213 872 a
226 829 317 882 lenone,
332 833 420 874 nomine
433 832 633 878 Philocomasium.
661 833 686 876 Is
699 832 821 876 Pleusicles

25 917 91 956 quun
101 905 131 944 ab
146 917 171 945 ra
186 901 278 958 publica
296 901 385 955 legatus
399 904 541 961 Naupactum
562 907 679 962 profectus
696 909 768 955 arsat,
787 907 821 946 in-

25 977 92 1017 terim
110 973 179 1017 miles
197 973 387 1030 Pyrgopolinices
406 977 470 1022 illam
492 979 593 1034 puellam
611 978 706 1020 invitam
726 976 822 1020 Athenis

25 1049 123 1102 abripit,
140 1061 257 1101 secumque
266 1047 382 1102 Ephesum
393 1049 491 1092 abducit
522 1052 594 1098 Quam
606 1063 653 1091 rem
664 1061 729 1102 quum
744 1061 822 1090 servus

27 1119 181 1174 (Palaestrio)
196 1119 249 1162 luero
262 1134 303 1163 suo
317 1123 423 1164 nunciare
438 1120 519 1171 vellet,
531 1123 581 1177 ipse
597 1122 697 1176 capitur,
712 1124 736 1162 et
745 1120 823 1175 Ephe-

27 1207 75 1233 sum
93 1191 225 1243 deducitur,
249 1197 273 1234 et
295 1193 369 1236 aidenr
391 1192 459 1236 militi
478 1192 651 1248 Pyrgopolinici
674 1193 821 1235 denudatur.

28 1263 114 1306 Scribit
129 1267 205 1306 tamen
220 1265 273 1306 inde
290 1278 338 1307 rem
353 1279 438 1307 onnam
456 1264 573 1316 Pleusidi3
593 1267 657 1319 isque
671 1266 749 1308 statim
770 1264 824 1306 navi

27 1340 106 1378 vectus
125 1335 241 1390 Ephesum
255 1339 329 1388 venit,
348 1341 371 1379 et
386 1337 446 1392 apud
463 1339 559 1380 vicinum
575 1337 665 1388 militis,
680 1337 824 1393 Periplecto·
846 1387 858 1412 .

29 1422 123 1458 menen,
138 1407 233 1451 habitat.
262 1409 362 1462 Ubique
377 1417 494 1452 convenire
509 1415 611 1452 amantes
626 1413 726 1466 possint,
741 1410 823 1453 l'alae-

29 1482 85 1522 strio
100 1478 226 1522 clanculum
241 1481 351 1534 parietem
365 1483 480 1536 perforat;
497 1496 541 1536 qua
553 1497 577 1524 re
592 1484 693 1537 primunr¹
703 1481 824 1525 Sceledrus

30 1551 158 1602 deluditur,
173 1557 248 1595 custos
261 1551 363 1608 puellae,
379 1555 428 1607 qui,
444 1555 530 1596 simiam
541 1557 647 1603 sectatus,
658 1553 786 1596 osculantes
797 1555 825 1596 da

4 1621 6 1646 i
30 1630 90 1668 tecto
105 1628 265 1680 conspexerat.
295 1625 384 1667 Deinde
402 1623 475 1668 dolum
495 1629 584 1667 suriunt
602 1626 648 1679 ipsi
666 1623 743 1666 militi.
771 1625 826 1667 Fin-

31 1703 91 1750 gunt,
101 1697 202 1753 puellam
212 1696 311 1752 aliquam
321 1711 371 1740 esse
381 1710 475 1739 suxeram
486 1695 704 1750 Periplectomenia;
716 1708 743 1738 aa
753 1701 827 1740 uestem

32 1784 54 1812 sa
69 1771 135 1823 fingit
149 1782 227 1812 amare
241 1769 335 1812 militani
349 1773 373 1811 et
389 1768 447 1811 velle
462 1769 545 1810 abduci
559 1781 572 1809 a
585 1769 642 1810 viro·
673 1769 789 1824 Deceptus
801 1782 828 1812 ca

31 1857 54 1884 re
68 1843 146 1893 miles,
161 1841 353 1885 Philocomasium
368 1857 416 1885 cum
430 1841 539 1883 l'leuside
555 1841 661 1894 navigare
675 1843 745 1884 iubet.
774 1841 828 1898 Ipse

32 1920 118 1966 autem,
138 1917 252 1970 tamquam
271 1915 387 1964 moechus,
405 1912 595 1968 Periplectomeni
615 1925 700 1971 poenas
715 1914 762 1956 dat.
847 1923 849 1926 ·

298 1987 345 2030 Res
363 1988 448 2040 geritur
465 1986 559 2043 Ephesi.

333 2203 522 2232 ψ...
