<?xml version="1.0" encoding="UTF-8"?>
<!DOCTYPE html PUBLIC "-//W3C//DTD XHTML 1.0 Transitional//EN"
    "http://www.w3.org/TR/xhtml1/DTD/xhtml1-transitional.dtd">
<html xmlns="http://www.w3.org/1999/xhtml" xml:lang="en" lang="en">
 <head>
  <title>
</title>
<meta http-equiv="Content-Type" content="text/html;charset=utf-8" />
  <meta name='ocr-system' content='tesseract 3.04.00' />
  <meta name='ocr-capabilities' content='ocr_page ocr_carea ocr_par ocr_line ocrx_word'/>
</head>
<body>
  <div class='ocr_page' id='page_1' title='image "./macciiplautiqua00maigoog_0470.png"; bbox 0 0 1958 3026; ppageno 0'>
   <div class='ocr_carea' id='block_1_1' title="bbox 230 150 790 205">
    <p class='ocr_par' dir='ltr' id='par_1_1' title="bbox 230 150 790 205">
     <span class='ocr_line' id='line_1_1' title="bbox 230 150 790 205; baseline 0.016 -9"><span class='ocrx_word' id='word_1_1' title='bbox 230 150 356 198; x_wconf 72' lang='lat' dir='ltr'><strong>Acriis</strong></span> <span class='ocrx_word' id='word_1_2' title='bbox 373 152 404 196; x_wconf 82' lang='grc' dir='ltr'><strong>Π.</strong></span> <span class='ocrx_word' id='word_1_3' title='bbox 440 151 563 200; x_wconf 76' lang='lat' dir='ltr'><strong>scENA</strong></span> <span class='ocrx_word' id='word_1_4' title='bbox 580 155 599 199; x_wconf 89' lang='lat' dir='ltr'><strong>i.</strong></span> <span class='ocrx_word' id='word_1_5' title='bbox 740 153 790 205; x_wconf 75' lang='lat'><strong>155</strong></span> 
     </span>
    </p>
   </div>
   <div class='ocr_carea' id='block_1_2' title="bbox 111 375 722 552">
    <p class='ocr_par' dir='ltr' id='par_1_2' title="bbox 111 375 722 552">
     <span class='ocr_line' id='line_1_2' title="bbox 201 375 634 424; baseline 0.009 -4"><span class='ocrx_word' id='word_1_6' title='bbox 201 375 345 422; x_wconf 80' lang='lat' dir='ltr'><strong>AGTUS</strong></span> <span class='ocrx_word' id='word_1_7' title='bbox 370 377 402 421; x_wconf 92' lang='lat'><strong>11.</strong></span> <span class='ocrx_word' id='word_1_8' title='bbox 447 376 634 424; x_wconf 78' lang='lat' dir='ltr'><strong>soENAi</strong></span> 
     </span>
     <span class='ocr_line' id='line_1_3' title="bbox 111 501 722 552; baseline 0.005 -4"><span class='ocrx_word' id='word_1_9' title='bbox 111 501 416 548; x_wconf 72' lang='lat' dir='ltr'><strong>sornocnlnlscn.</strong></span> <span class='ocrx_word' id='word_1_10' title='bbox 444 505 722 552; x_wconf 76' lang='lat' dir='ltr'><strong>LEMNISELENE.</strong></span> 
     </span>
    </p>
   </div>
   <div class='ocr_carea' id='block_1_3' title="bbox 41 628 850 2186">
    <p class='ocr_par' dir='ltr' id='par_1_3' title="bbox 46 628 789 766">
     <span class='ocr_line' id='line_1_4' title="bbox 46 628 789 702; baseline 0.008 -20"><span class='ocrx_word' id='word_1_11' title='bbox 46 645 91 682; x_wconf 89' lang='lat' dir='ltr'><strong>so.</strong></span> <span class='ocrx_word' id='word_1_12' title='bbox 113 629 188 682; x_wconf 69' lang='lat' dir='ltr'><strong>sotir</strong></span> <span class='ocrx_word' id='word_1_13' title='bbox 198 628 260 688; x_wconf 82' lang='lat' dir='ltr'><strong>init,</strong></span> <span class='ocrx_word' id='word_1_14' title='bbox 270 629 407 694; x_wconf 75' lang='lat' dir='ltr'><strong>indoctae,</strong></span> <span class='ocrx_word' id='word_1_15' title='bbox 422 631 584 696; x_wconf 80' lang='lat' dir='ltr'><strong>immemori,</strong></span> <span class='ocrx_word' id='word_1_16' title='bbox 600 633 740 702; x_wconf 70' lang='lat' dir='ltr'><strong>insipienti</strong></span> <span class='ocrx_word' id='word_1_17' title='bbox 750 635 789 687; x_wconf 85' lang='lat' dir='ltr'><strong>di·</strong></span> 
     </span>
     <span class='ocr_line' id='line_1_5' title="bbox 213 705 383 766; baseline 0.006 -11"><span class='ocrx_word' id='word_1_18' title='bbox 213 719 273 755; x_wconf 77' lang='lat' dir='ltr'><strong>cere</strong></span> <span class='ocrx_word' id='word_1_19' title='bbox 285 705 383 766; x_wconf 78' lang='lat' dir='ltr'><strong>totier3</strong></span> 
     </span>
    </p>

    <p class='ocr_par' dir='ltr' id='par_1_4' title="bbox 46 777 820 918">
     <span class='ocr_line' id='line_1_6' title="bbox 46 777 790 847; baseline 0.007 -17"><span class='ocrx_word' id='word_1_20' title='bbox 46 779 128 830; x_wconf 83' lang='lat' dir='ltr'><strong>nimis</strong></span> <span class='ocrx_word' id='word_1_21' title='bbox 136 777 248 830; x_wconf 84' lang='lat' dir='ltr'><strong>tandem</strong></span> <span class='ocrx_word' id='word_1_22' title='bbox 257 793 299 829; x_wconf 89' lang='lat' dir='ltr'><strong>me</strong></span> <span class='ocrx_word' id='word_1_23' title='bbox 309 778 418 845; x_wconf 87' lang='lat' dir='ltr'><strong>quidem</strong></span> <span class='ocrx_word' id='word_1_24' title='bbox 426 780 571 847; x_wconf 77' lang='lat' dir='ltr'><strong>probardo</strong></span> <span class='ocrx_word' id='word_1_25' title='bbox 580 787 608 832; x_wconf 90' lang='lat' dir='ltr'><strong>et</strong></span> <span class='ocrx_word' id='word_1_26' title='bbox 615 777 720 834; x_wconf 80' lang='lat' dir='ltr'><strong>ristica</strong></span> <span class='ocrx_word' id='word_1_27' title='bbox 726 799 790 835; x_wconf 86' lang='lat' dir='ltr'><strong>reor</strong></span> 
     </span>
     <span class='ocr_line' id='line_1_7' title="bbox 211 850 820 918; baseline 0.008 -16"><span class='ocrx_word' id='word_1_28' title='bbox 211 850 404 904; x_wconf 78' lang='lat' dir='ltr'><strong>hibitamesse</strong></span> <span class='ocrx_word' id='word_1_29' title='bbox 419 855 515 905; x_wconf 80' lang='lat' dir='ltr'><strong>abste.</strong></span> <span class='ocrx_word' id='word_1_30' title='bbox 814 906 820 918; x_wconf 77' lang='grc'><strong>,</strong></span> 
     </span>
    </p>

    <p class='ocr_par' dir='ltr' id='par_1_5' title="bbox 47 925 789 1054">
     <span class='ocr_line' id='line_1_8' title="bbox 47 925 789 994; baseline 0.005 -16"><span class='ocrx_word' id='word_1_31' title='bbox 47 925 221 994; x_wconf 76' lang='lat' dir='ltr'><strong>Qnimquorn</strong></span> <span class='ocrx_word' id='word_1_32' title='bbox 231 941 282 994; x_wconf 82' lang='lat' dir='ltr'><strong>ego</strong></span> <span class='ocrx_word' id='word_1_33' title='bbox 292 928 386 978; x_wconf 86' lang='lat' dir='ltr'><strong>vinum</strong></span> <span class='ocrx_word' id='word_1_34' title='bbox 395 927 471 992; x_wconf 88' lang='lat' dir='ltr'><strong>bibo,</strong></span> <span class='ocrx_word' id='word_1_35' title='bbox 482 934 511 979; x_wconf 82' lang='lat' dir='ltr'><strong>et</strong></span> <span class='ocrx_word' id='word_1_36' title='bbox 520 929 651 981; x_wconf 79' lang='lat' dir='ltr'><strong>mandata</strong></span> <span class='ocrx_word' id='word_1_37' title='bbox 660 930 714 981; x_wconf 81' lang='lat' dir='ltr'><strong>non</strong></span> <span class='ocrx_word' id='word_1_38' title='bbox 726 947 789 983; x_wconf 85' lang='lat' dir='ltr'><strong>oon-</strong></span> 
     </span>
     <span class='ocr_line' id='line_1_9' title="bbox 211 995 563 1054; baseline 0.009 -2"><span class='ocrx_word' id='word_1_39' title='bbox 211 1001 288 1052; x_wconf 81' lang='lat' dir='ltr'><strong>suevi</strong></span> <span class='ocrx_word' id='word_1_40' title='bbox 301 995 383 1052; x_wconf 83' lang='lat' dir='ltr'><strong>rimr&#39;rl</strong></span> <span class='ocrx_word' id='word_1_41' title='bbox 394 1002 489 1054; x_wconf 82' lang='lat' dir='ltr'><strong>hibere</strong></span> <span class='ocrx_word' id='word_1_42' title='bbox 498 1018 563 1054; x_wconf 80' lang='lat' dir='ltr'><strong>une.</strong></span> 
     </span>
    </p>

    <p class='ocr_par' dir='ltr' id='par_1_6' title="bbox 44 1073 789 1214">
     <span class='ocr_line' id='line_1_10' title="bbox 44 1073 789 1144; baseline 0.008 -20"><span class='ocrx_word' id='word_1_43' title='bbox 44 1074 91 1128; x_wconf 75' lang='lat' dir='ltr'><strong>Me</strong></span> <span class='ocrx_word' id='word_1_44' title='bbox 107 1073 219 1144; x_wconf 76' lang='lat' dir='ltr'><strong>quidem</strong></span> <span class='ocrx_word' id='word_1_45' title='bbox 232 1076 289 1126; x_wconf 77' lang='lat' dir='ltr'><strong>iam</strong></span> <span class='ocrx_word' id='word_1_46' title='bbox 308 1077 377 1128; x_wconf 79' lang='lat' dir='ltr'><strong>retis</strong></span> <span class='ocrx_word' id='word_1_47' title='bbox 391 1075 445 1128; x_wconf 86' lang='lat' dir='ltr'><strong>tibi</strong></span> <span class='ocrx_word' id='word_1_48' title='bbox 463 1081 616 1144; x_wconf 72' lang='lat' dir='ltr'><strong>spectatam</strong></span> <span class='ocrx_word' id='word_1_49' title='bbox 631 1075 789 1130; x_wconf 67' lang='lat' dir='ltr'><strong>censueram</strong></span> 
     </span>
     <span class='ocr_line' id='line_1_11' title="bbox 211 1148 547 1214; baseline 0.006 -14"><span class='ocrx_word' id='word_1_50' title='bbox 211 1165 279 1214; x_wconf 81' lang='lat' dir='ltr'><strong>esse,</strong></span> <span class='ocrx_word' id='word_1_51' title='bbox 290 1148 403 1202; x_wconf 69' lang='lat' dir='ltr'><strong>etmeor</strong></span> <span class='ocrx_word' id='word_1_52' title='bbox 413 1167 517 1204; x_wconf 80' lang='lat' dir='ltr'><strong>morer:</strong></span> <span class='ocrx_word' id='word_1_53' title='bbox 545 1197 547 1202; x_wconf 92' lang='lat'><em>.</em></span> 
     </span>
    </p>

    <p class='ocr_par' dir='ltr' id='par_1_7' title="bbox 44 1223 842 1367">
     <span class='ocr_line' id='line_1_12' title="bbox 44 1223 788 1295; baseline 0.005 -21"><span class='ocrx_word' id='word_1_54' title='bbox 44 1239 109 1274; x_wconf 83' lang='lat' dir='ltr'><strong>nam</strong></span> <span class='ocrx_word' id='word_1_55' title='bbox 119 1223 247 1292; x_wconf 71' lang='lat' dir='ltr'><strong>equidem</strong></span> <span class='ocrx_word' id='word_1_56' title='bbox 255 1225 349 1276; x_wconf 81' lang='lat' dir='ltr'><strong>teiam</strong></span> <span class='ocrx_word' id='word_1_57' title='bbox 360 1225 452 1278; x_wconf 82' lang='lat' dir='ltr'><strong>se&#39;otor</strong></span> <span class='ocrx_word' id='word_1_58' title='bbox 461 1228 585 1295; x_wconf 81' lang='lat' dir='ltr'><strong>quiritum</strong></span> <span class='ocrx_word' id='word_1_59' title='bbox 597 1225 669 1278; x_wconf 86' lang='lat' dir='ltr'><strong>huno</strong></span> <span class='ocrx_word' id='word_1_60' title='bbox 680 1225 788 1290; x_wconf 74' lang='lat' dir='ltr'><strong>inrum,</strong></span> 
     </span>
     <span class='ocr_line' id='line_1_13' title="bbox 212 1299 842 1367; baseline 0.005 -18"><span class='ocrx_word' id='word_1_61' title='bbox 212 1313 296 1367; x_wconf 85' lang='lat' dir='ltr'><strong>quom</strong></span> <span class='ocrx_word' id='word_1_62' title='bbox 310 1300 415 1352; x_wconf 82' lang='lat' dir='ltr'><strong>interea</strong></span> <span class='ocrx_word' id='word_1_63' title='bbox 425 1299 521 1366; x_wconf 67' lang='lat' dir='ltr'><strong>istam,</strong></span> <span class='ocrx_word' id='word_1_64' title='bbox 536 1302 627 1365; x_wconf 86' lang='lat' dir='ltr'><strong>oredo,</strong></span> <span class='ocrx_word' id='word_1_65' title='bbox 831 1311 842 1352; x_wconf 75' lang='grc' dir='ltr'><strong>ι</strong></span> 
     </span>
    </p>

    <p class='ocr_par' dir='ltr' id='par_1_8' title="bbox 45 1367 788 1514">
     <span class='ocr_line' id='line_1_14' title="bbox 45 1367 788 1443; baseline 0.005 -20"><span class='ocrx_word' id='word_1_66' title='bbox 45 1367 131 1424; x_wconf 74' lang='lat' dir='ltr'><strong>orions</strong></span> <span class='ocrx_word' id='word_1_67' title='bbox 141 1373 205 1424; x_wconf 78' lang='lat' dir='ltr'><strong>siin</strong></span> <span class='ocrx_word' id='word_1_68' title='bbox 214 1372 309 1425; x_wconf 87' lang='lat' dir='ltr'><strong>ludum</strong></span> <span class='ocrx_word' id='word_1_69' title='bbox 318 1373 384 1438; x_wconf 84' lang='lat' dir='ltr'><strong>ire&#39;t,</strong></span> <span class='ocrx_word' id='word_1_70' title='bbox 399 1377 535 1443; x_wconf 77' lang='lat' dir='ltr'><strong>pomioret</strong></span> <span class='ocrx_word' id='word_1_71' title='bbox 545 1375 601 1428; x_wconf 72' lang='lat' dir='ltr'><strong>iim</strong></span> <span class='ocrx_word' id='word_1_72' title='bbox 615 1376 716 1428; x_wconf 86' lang='lat' dir='ltr'><strong>fierint</strong></span> <span class='ocrx_word' id='word_1_73' title='bbox 725 1391 788 1443; x_wconf 81' lang='lat' dir='ltr'><strong>pro-</strong></span> 
     </span>
     <span class='ocr_line' id='line_1_15' title="bbox 211 1447 468 1514; baseline 0.008 -16"><span class='ocrx_word' id='word_1_74' title='bbox 211 1447 246 1498; x_wconf 82' lang='lat' dir='ltr'><strong>be</strong></span> <span class='ocrx_word' id='word_1_75' title='bbox 256 1447 363 1498; x_wconf 78' lang='lat' dir='ltr'><strong>litteras</strong></span> <span class='ocrx_word' id='word_1_76' title='bbox 377 1451 468 1514; x_wconf 82' lang='lat' dir='ltr'><strong>sciret,</strong></span> 
     </span>
    </p>

    <p class='ocr_par' dir='ltr' id='par_1_9' title="bbox 45 1519 788 1662">
     <span class='ocr_line' id='line_1_16' title="bbox 45 1519 788 1590; baseline 0.003 -18"><span class='ocrx_word' id='word_1_77' title='bbox 45 1537 129 1589; x_wconf 86' lang='lat' dir='ltr'><strong>quom</strong></span> <span class='ocrx_word' id='word_1_78' title='bbox 140 1519 249 1574; x_wconf 80' lang='lat' dir='ltr'><strong>interim</strong></span> <span class='ocrx_word' id='word_1_79' title='bbox 262 1527 294 1574; x_wconf 89' lang='grc' dir='ltr'><strong>ιιι</strong></span> <span class='ocrx_word' id='word_1_80' title='bbox 303 1520 393 1574; x_wconf 64' lang='lat' dir='ltr'><strong>mium</strong></span> <span class='ocrx_word' id='word_1_81' title='bbox 403 1523 542 1590; x_wconf 82' lang='lat' dir='ltr'><strong>ingenium</strong></span> <span class='ocrx_word' id='word_1_82' title='bbox 556 1523 618 1574; x_wconf 77' lang='lat' dir='ltr'><strong>irim</strong></span> <span class='ocrx_word' id='word_1_83' title='bbox 632 1537 688 1574; x_wconf 89' lang='lat' dir='ltr'><strong>non</strong></span> <span class='ocrx_word' id='word_1_84' title='bbox 702 1523 788 1574; x_wconf 86' lang='lat' dir='ltr'><strong>edidi-</strong></span> 
     </span>
     <span class='ocr_line' id='line_1_17' title="bbox 212 1594 478 1662; baseline 0.004 -16"><span class='ocrx_word' id='word_1_85' title='bbox 212 1594 275 1646; x_wconf 77' lang='lat' dir='ltr'><strong>oirti</strong></span> <span class='ocrx_word' id='word_1_86' title='bbox 285 1601 368 1662; x_wconf 80' lang='lat' dir='ltr'><strong>atque</strong></span> <span class='ocrx_word' id='word_1_87' title='bbox 377 1595 478 1647; x_wconf 79' lang='lat' dir='ltr'><strong>inians.</strong></span> 
     </span>
    </p>

    <p class='ocr_par' dir='ltr' id='par_1_10' title="bbox 43 1669 789 1809">
     <span class='ocr_line' id='line_1_18' title="bbox 43 1669 789 1736; baseline 0 -16"><span class='ocrx_word' id='word_1_88' title='bbox 43 1669 135 1722; x_wconf 82' lang='lat' dir='ltr'><strong>Potin&#39;</strong></span> <span class='ocrx_word' id='word_1_89' title='bbox 150 1675 183 1722; x_wconf 90' lang='lat' dir='ltr'><strong>ut</strong></span> <span class='ocrx_word' id='word_1_90' title='bbox 195 1669 306 1722; x_wconf 75' lang='lat' dir='ltr'><strong>tacenti</strong></span> <span class='ocrx_word' id='word_1_91' title='bbox 325 1669 410 1736; x_wconf 80' lang='lat' dir='ltr'><strong>potin’</strong></span> <span class='ocrx_word' id='word_1_92' title='bbox 420 1687 455 1722; x_wconf 86' lang='lat' dir='ltr'><strong>ne</strong></span> <span class='ocrx_word' id='word_1_93' title='bbox 467 1669 596 1722; x_wconf 74' lang='lat' dir='ltr'><strong>monensi</strong></span> <span class='ocrx_word' id='word_1_94' title='bbox 615 1670 742 1734; x_wconf 75' lang='lat' dir='ltr'><strong>Mimini,</strong></span> <span class='ocrx_word' id='word_1_95' title='bbox 762 1677 789 1722; x_wconf 81' lang='lat' dir='ltr'><strong>et</strong></span> 
     </span>
     <span class='ocr_line' id='line_1_19' title="bbox 212 1741 669 1809; baseline 0 -15"><span class='ocrx_word' id='word_1_96' title='bbox 212 1744 280 1806; x_wconf 83' lang='lat' dir='ltr'><strong>seio,</strong></span> <span class='ocrx_word' id='word_1_97' title='bbox 292 1741 320 1795; x_wconf 74' lang='lat' dir='ltr'><strong>et</strong></span> <span class='ocrx_word' id='word_1_98' title='bbox 333 1744 430 1809; x_wconf 80' lang='lat' dir='ltr'><strong>calleo,</strong></span> <span class='ocrx_word' id='word_1_99' title='bbox 446 1746 474 1798; x_wconf 74' lang='grc' dir='ltr'>ἐι</span> <span class='ocrx_word' id='word_1_100' title='bbox 484 1745 669 1796; x_wconf 81' lang='lat' dir='ltr'><strong>commemini:</strong></span> 
     </span>
    </p>

    <p class='ocr_par' dir='ltr' id='par_1_11' title="bbox 44 1803 788 1959">
     <span class='ocr_line' id='line_1_20' title="bbox 44 1803 788 1887; baseline 0.001 -18"><span class='ocrx_word' id='word_1_101' title='bbox 44 1819 123 1870; x_wconf 77' lang='lat' dir='ltr'><strong>imos</strong></span> <span class='ocrx_word' id='word_1_102' title='bbox 139 1818 201 1886; x_wconf 86' lang='lat' dir='ltr'><strong>pol,</strong></span> <span class='ocrx_word' id='word_1_103' title='bbox 219 1819 333 1882; x_wconf 83' lang='lat' dir='ltr'><strong>misere3</strong></span> <span class='ocrx_word' id='word_1_104' title='bbox 352 1819 382 1870; x_wconf 92' lang='lat' dir='ltr'><strong>id</strong></span> <span class='ocrx_word' id='word_1_105' title='bbox 392 1813 456 1870; x_wconf 81' lang='lat' dir='ltr'><strong>tur&#39;rs</strong></span> <span class='ocrx_word' id='word_1_106' title='bbox 466 1825 554 1872; x_wconf 79' lang='lat' dir='ltr'><strong>scatet</strong></span> <span class='ocrx_word' id='word_1_107' title='bbox 564 1819 679 1870; x_wconf 81' lang='lat' dir='ltr'><strong>animus.</strong></span> <span class='ocrx_word' id='word_1_108' title='bbox 717 1803 788 1887; x_wconf 74' lang='lat' dir='ltr'><strong>ligo,</strong></span> 
     </span>
     <span class='ocr_line' id='line_1_21' title="bbox 211 1893 712 1959; baseline 0 -15"><span class='ocrx_word' id='word_1_109' title='bbox 211 1893 284 1944; x_wconf 79' lang='lat' dir='ltr'><strong>istuc</strong></span> <span class='ocrx_word' id='word_1_110' title='bbox 293 1893 433 1959; x_wconf 79' lang='lat' dir='ltr'><strong>placidum</strong></span> <span class='ocrx_word' id='word_1_111' title='bbox 443 1894 496 1946; x_wconf 87' lang='lat' dir='ltr'><strong>tibi</strong></span> <span class='ocrx_word' id='word_1_112' title='bbox 504 1901 536 1946; x_wconf 90' lang='lat' dir='ltr'><strong>ut</strong></span> <span class='ocrx_word' id='word_1_113' title='bbox 546 1895 591 1959; x_wconf 81' lang='lat' dir='ltr'><strong>sit,</strong></span> <span class='ocrx_word' id='word_1_114' title='bbox 602 1893 712 1945; x_wconf 84' lang='lat' dir='ltr'><strong>faciam.</strong></span> 
     </span>
    </p>

    <p class='ocr_par' dir='ltr' id='par_1_12' title="bbox 41 1965 850 2186">
     <span class='ocr_line' id='line_1_22' title="bbox 41 1965 788 2036; baseline 0.003 -18"><span class='ocrx_word' id='word_1_115' title='bbox 41 1981 90 2020; x_wconf 78' lang='lat' dir='ltr'><strong>nn.</strong></span> <span class='ocrx_word' id='word_1_116' title='bbox 110 1965 200 2018; x_wconf 76' lang='lat' dir='ltr'><strong>Miser</strong></span> <span class='ocrx_word' id='word_1_117' title='bbox 214 1973 267 2031; x_wconf 83' lang='lat' dir='ltr'><strong>est,</strong></span> <span class='ocrx_word' id='word_1_118' title='bbox 285 1969 333 2035; x_wconf 87' lang='lat' dir='ltr'><strong>qui</strong></span> <span class='ocrx_word' id='word_1_119' title='bbox 347 1976 430 2022; x_wconf 75' lang='lat' dir='ltr'><strong>amat.</strong></span> <span class='ocrx_word' id='word_1_120' title='bbox 469 1983 514 2022; x_wconf 87' lang='lat' dir='ltr'><strong>so.</strong></span> <span class='ocrx_word' id='word_1_121' title='bbox 535 1968 658 2022; x_wconf 76' lang='lat' dir='ltr'><strong>certeis</strong></span> <span class='ocrx_word' id='word_1_122' title='bbox 679 1969 788 2036; x_wconf 85' lang='lat' dir='ltr'><strong>quidem</strong></span> 
     </span>
     <span class='ocr_line' id='line_1_23' title="bbox 210 2041 789 2113; baseline 0.002 -22"><span class='ocrx_word' id='word_1_123' title='bbox 210 2041 292 2092; x_wconf 87' lang='lat' dir='ltr'><strong>nihili</strong></span> <span class='ocrx_word' id='word_1_124' title='bbox 302 2048 355 2108; x_wconf 84' lang='lat' dir='ltr'><strong>ert,</strong></span> <span class='ocrx_word' id='word_1_125' title='bbox 370 2044 418 2113; x_wconf 87' lang='lat' dir='ltr'><strong>qui</strong></span> <span class='ocrx_word' id='word_1_126' title='bbox 426 2042 497 2096; x_wconf 86' lang='lat' dir='ltr'><strong>nihil</strong></span> <span class='ocrx_word' id='word_1_127' title='bbox 507 2050 590 2096; x_wconf 80' lang='lat' dir='ltr'><strong>amet.</strong></span> <span class='ocrx_word' id='word_1_128' title='bbox 622 2043 695 2104; x_wconf 77' lang='lat' dir='ltr'><strong>outo</strong></span> <span class='ocrx_word' id='word_1_129' title='bbox 706 2044 732 2094; x_wconf 86' lang='lat' dir='ltr'><strong>ei</strong></span> <span class='ocrx_word' id='word_1_130' title='bbox 742 2042 789 2093; x_wconf 82' lang='lat' dir='ltr'><strong>ho-</strong></span> 
     </span>
     <span class='ocr_line' id='line_1_24' title="bbox 211 2117 850 2186; baseline 0.006 -19"><span class='ocrx_word' id='word_1_131' title='bbox 211 2117 280 2168; x_wconf 90' lang='lat' dir='ltr'><strong>mini</strong></span> <span class='ocrx_word' id='word_1_132' title='bbox 291 2132 360 2186; x_wconf 73' lang='lat' dir='ltr'><strong>opus</strong></span> <span class='ocrx_word' id='word_1_133' title='bbox 372 2120 430 2170; x_wconf 81' lang='lat' dir='ltr'><strong>vite</strong></span> <span class='ocrx_word' id='word_1_134' title='bbox 443 2118 501 2170; x_wconf 78' lang='lat' dir='ltr'><strong>esti</strong></span> <span class='ocrx_word' id='word_1_135' title='bbox 818 2123 850 2166; x_wconf 78' lang='lat' dir='ltr'><strong>io.</strong></span> 
     </span>
    </p>
   </div>
   <div class='ocr_carea' id='block_1_4' title="bbox 41 2173 790 2480">
    <p class='ocr_par' dir='ltr' id='par_1_13' title="bbox 41 2173 790 2332">
     <span class='ocr_line' id='line_1_25' title="bbox 41 2173 790 2260; baseline 0 -20"><span class='ocrx_word' id='word_1_136' title='bbox 41 2173 85 2242; x_wconf 83' lang='lat' dir='ltr'><strong>ire</strong></span> <span class='ocrx_word' id='word_1_137' title='bbox 96 2191 179 2242; x_wconf 87' lang='lat' dir='ltr'><strong>decet</strong></span> <span class='ocrx_word' id='word_1_138' title='bbox 188 2207 239 2252; x_wconf 90' lang='lat' dir='ltr'><strong>me,</strong></span> <span class='ocrx_word' id='word_1_139' title='bbox 249 2197 281 2242; x_wconf 82' lang='lat' dir='ltr'><strong>ut</strong></span> <span class='ocrx_word' id='word_1_140' title='bbox 291 2189 373 2244; x_wconf 80' lang='lat' dir='ltr'><strong>horae</strong></span> <span class='ocrx_word' id='word_1_141' title='bbox 383 2193 534 2260; x_wconf 81' lang='lat' dir='ltr'><strong>obsequens</strong></span> <span class='ocrx_word' id='word_1_142' title='bbox 545 2193 621 2242; x_wconf 82' lang='lat' dir='ltr'><strong>from:</strong></span> <span class='ocrx_word' id='word_1_143' title='bbox 632 2191 720 2241; x_wconf 84' lang='lat' dir='ltr'><strong>libera</strong></span> <span class='ocrx_word' id='word_1_144' title='bbox 729 2194 790 2241; x_wconf 71' lang='lat' dir='ltr'><strong>mei</strong></span> 
     </span>
     <span class='ocr_line' id='line_1_26' title="bbox 213 2266 486 2332; baseline -0.004 -15"><span class='ocrx_word' id='word_1_145' title='bbox 213 2269 298 2332; x_wconf 73' lang='lat' dir='ltr'><strong>opero</strong></span> <span class='ocrx_word' id='word_1_146' title='bbox 309 2266 386 2318; x_wconf 82' lang='lat' dir='ltr'><strong>ocius</strong></span> <span class='ocrx_word' id='word_1_147' title='bbox 395 2273 427 2318; x_wconf 89' lang='lat' dir='ltr'><strong>ut</strong></span> <span class='ocrx_word' id='word_1_148' title='bbox 441 2268 486 2316; x_wconf 82' lang='lat' dir='ltr'><strong>rit.</strong></span> 
     </span>
    </p>

    <p class='ocr_par' dir='ltr' id='par_1_14' title="bbox 43 2336 789 2480">
     <span class='ocr_line' id='line_1_27' title="bbox 43 2336 789 2408; baseline -0.001 -20"><span class='ocrx_word' id='word_1_149' title='bbox 43 2339 215 2392; x_wconf 77' lang='lat' dir='ltr'><strong>conveniam</strong></span> <span class='ocrx_word' id='word_1_150' title='bbox 226 2337 299 2392; x_wconf 86' lang='lat' dir='ltr'><strong>hune</strong></span> <span class='ocrx_word' id='word_1_151' title='bbox 309 2341 451 2392; x_wconf 82' lang='lat' dir='ltr'><strong>Toxssum:</strong></span> <span class='ocrx_word' id='word_1_152' title='bbox 463 2341 523 2391; x_wconf 81' lang='lat' dir='ltr'><strong>eius</strong></span> <span class='ocrx_word' id='word_1_153' title='bbox 533 2354 621 2402; x_wconf 79' lang='lat' dir='ltr'><strong>ames,</strong></span> <span class='ocrx_word' id='word_1_154' title='bbox 634 2336 703 2408; x_wconf 78' lang='lat' dir='ltr'><strong>quae</strong></span> <span class='ocrx_word' id='word_1_155' title='bbox 714 2351 789 2388; x_wconf 80' lang='lat' dir='ltr'><strong>man-</strong></span> 
     </span>
     <span class='ocr_line' id='line_1_28' title="bbox 213 2409 516 2480; baseline -0.007 -14"><span class='ocrx_word' id='word_1_156' title='bbox 213 2409 365 2480; x_wconf 78' lang='lat' dir='ltr'><strong>deton&#39;mt,</strong></span> <span class='ocrx_word' id='word_1_157' title='bbox 386 2415 516 2468; x_wconf 80' lang='lat' dir='ltr'><strong>onerabo.</strong></span> 
     </span>
    </p>
   </div>
   <div class='ocr_carea' id='block_1_5' title="bbox 316 2577 521 2598">
    <p class='ocr_par' dir='ltr' id='par_1_15' title="bbox 316 2577 521 2598">
     <span class='ocr_line' id='line_1_29' title="bbox 317 2577 520 2586; baseline 0 -2"><span class='ocrx_word' id='word_1_158' title='bbox 317 2577 520 2586; x_wconf 76' lang='lat'>--..-—-—--</span> 
     </span>
     <span class='ocr_line' id='line_1_30' title="bbox 316 2587 521 2598; baseline -0.005 -1"><span class='ocrx_word' id='word_1_159' title='bbox 316 2587 521 2598; x_wconf 78' lang='lat'>—————-——-—-</span> 
     </span>
    </p>
   </div>
   <div class='ocr_carea' id='block_1_6' title="bbox 0 0 984 3026">
    <p class='ocr_par' dir='ltr' id='par_1_16' title="bbox 0 0 984 3026">
     <span class='ocr_line' id='line_1_31' title="bbox 0 0 984 3026; baseline 0 1"><span class='ocrx_word' id='word_1_160' title='bbox 0 0 984 3026; x_wconf 95' lang='lat' dir='ltr'><strong> </strong></span> 
     </span>
    </p>
   </div>
  </div>
 </body>
</html>
